@misc{github_repository,
	author="Our Github repository",
	howpublished = "\url{https://github.com/Krissibro/DAT250-Sploinkyboink}"	
}

@misc{public_container,
	author="Public container for the app",
	howpublished = "\url{https://github.com/Krissibro/DAT250-Sploinkyboink}"	
}

@misc{kotlin,
	author = "{JetBrains}",
	title = "Kotlin Programming Language",
	howpublished = "\url{https://kotlinlang.org/}"	
}

@misc{spring_boot,
	author = "{Pivotal Software}",
	title = "Spring Boot Framework",
	howpublished = "\url{https://spring.io/projects/spring-boot}"
}

@misc{spring_jpa,
	author = "{Pivotal Software}",
	title = "Spring Data JPA",
	howpublished = "\url{https://spring.io/projects/spring-data-jpa}"
}

@misc{postgresql,
	author = "PostgreSQL Global Development Group",
	title = "PostgreSQL Database",
	howpublished = "\url{https://www.postgresql.org/}"
}

@misc{mongodb,
	author = "MongoDB, Inc.",
	title = "MongoDB Database",
	url = {https://www.mongodb.com/}
}

@misc{sveltekit,
	author = "{Svelte Community}",
	title = "SvelteKit Framework",
	howpublished = "\url{https://svelte.dev/}"
}

@misc{tailwindcss,
	author = "{Tailwind Labs}",
	title = "TailwindCSS",
	howpublished = "\url{https://tailwindcss.com/}"
}

@misc{vite,
	author = "{Vite Team}",
	title = "Vite Build Tool",
	howpublished = "\url{https://vite.dev/}"
}

@misc{rabbitmq,
	author = "{Pivotal Software}",
	title = "RabbitMQ Message Broker",
	howpublished = "\url{https://www.rabbitmq.com/}"
}

@misc{docker,
	author = "{Docker, Inc.}",
	title = "Docker Containerization Platform",
	howpublished = "\url{https://www.docker.com/}"
}
